@article{berenger1994perfectly,
  title={A perfectly matched layer for the absorption of electromagnetic waves},
  author={Berenger, Jean-Pierre},
  journal={Journal of computational physics},
  volume={114},
  number={2},
  pages={185--200},
  year={1994},
  publisher={Elsevier}
}

@article{stoor,
  title={Solution of the Stefan problem with general time-dependent boundary conditions using a random walk method},
  author={Stoor, Daniel},
  year={2019},
}
